<record><leader>00000cas a22000007a 4500</leader><controlfield tag="001">26101766</controlfield><controlfield tag="008">920629d1952195uncudn ne      0    0eng d</controlfield><datafield ind1=" " ind2=" " tag="010"><subfield code="a">sn 92074062 </subfield></datafield><datafield ind1=" " ind2=" " tag="040"><subfield code="a">NVJ</subfield><subfield code="b">eng</subfield><subfield code="c">NVJ</subfield><subfield code="d">OCLCQ</subfield></datafield><datafield ind1=" " ind2=" " tag="042"><subfield code="a">msc</subfield></datafield><datafield ind1="0" ind2="4" tag="245"><subfield code="a">The Jacksonville daily news and views.</subfield></datafield><datafield ind1=" " ind2=" " tag="260"><subfield code="a">Jacksonville, N.C. :</subfield><subfield code="b">Billy Arthur</subfield></datafield><datafield ind1=" " ind2=" " tag="300"><subfield code="a">v.</subfield></datafield><datafield ind1=" " ind2=" " tag="310"><subfield code="a">Daily (Mon.-Fri.)</subfield></datafield><datafield ind1="0" ind2=" " tag="362"><subfield code="a">Vol. 15, no. 158 (Aug. 5, 1952)-</subfield></datafield><datafield ind1=" " ind2=" " tag="752"><subfield code="a">United States</subfield><subfield code="b">North Carolina</subfield><subfield code="c">Onslow</subfield><subfield code="d">Jacksonville.</subfield></datafield><datafield ind1="0" ind2="0" tag="780"><subfield code="t">News and views (Jacksonville, N.C.)</subfield><subfield code="w">(DLC)sn 92074061</subfield></datafield><datafield ind1="0" ind2="0" tag="785"><subfield code="t">Jacksonville daily news (Jacksonville, N.C.)</subfield><subfield code="w">(DLC)sn 94058202</subfield></datafield></record>